@book{kundert-spicespectre-95,
  author = "Kenneth S. Kundert",
  year = "1995",
  title = "The Designer´s Guide to SPICE and Spectre",
  publisher = "Kluwer Academic Publishers",
  doi = "10.1007/b101824",
}
@book{sze-physsemdevices-07,
  author = "S. M. Sze and Kwok K. Ng",
  year = "2007",
  title = "The Physics of Semiconductor Devices",
  publisher = "John Wiley \& Sons",
  doi = "10.1002/0470068329"
}
@book{allen-cmosancirdes-12,
  author = "Phillip E. Allen and Douglas R. Holberg",
  year = "2012",
  title = "CMOS Analog Circuit Design",
  publisher = "Oxford University Press",
  isbn = "978-0-19-976507-2"
}
@book{lehner-efeldtheorie-10,
  author = "Günther Lehner",
  year = "2010",
  title = "Elektromagnetische Feldtheorie",
  publisher = "Springer-Verlag Berlin Heidelberg",
  doi = "10.1007/978-3-642-13042-7"
}
@manual{cds-lefdeflangref6-21,
  year = "2021",
  title = "LEF/DEF 6.0 Language Reference",
  publisher = "Cadence Design Systems, Inc.",
}
@manual{cds-lefdeflangref57-09,
  year = "2009",
  title = "LEF/DEF 5.7 Language Reference",
  publisher = "Cadence Design Systems, Inc.",
  url = "https://www.ispd.cc/contests/18/lefdefref.pdf"
}
@misc{ihp-pdk,
  year = "2025",
  title = "IHP Open Source PDK",
  publisher = "IHP PDK Authors",
  url = "https://github.com/IHP-GmbH/IHP-Open-PDK",
  license = "Apache 2.0"
}